# Just an example of a citation with a URL
@misc{ExampleCitation,
  author       = {Dafny},
  title        = {Getting Started with Dafny: A Guide},
  howpublished = {\url{
                  http://web.archive.org/web/20080207010024/http://www.808multimedia.com/winnt/kernel.htm
                  }},
  note         = {Accessed: 12.03.2024}
}
